<?xml version="1.0" encoding="UTF-8"?><record xmlns="http://www.loc.gov/MARC21/slim" xmlns:cinclude="http://apache.org/cocoon/include/1.0" xmlns:zs="http://www.loc.gov/zing/srw/">
  <leader>00954cz  a2200193n  4500</leader>
  <controlfield tag="001">n  82006034 </controlfield>
  <controlfield tag="003">DLC</controlfield>
  <controlfield tag="005">19970902142558.2</controlfield>
  <controlfield tag="008">820223n| acannaab|          |a aaa |||  </controlfield>
  <datafield tag="010" ind1=" " ind2=" ">
    <subfield code="a">n  82006034 </subfield>
    <subfield code="z">n  90713390 </subfield>
    <subfield code="z">n  96001979 </subfield>
  </datafield>
  <datafield tag="040" ind1=" " ind2=" ">
    <subfield code="a">DLC</subfield>
    <subfield code="c">DLC</subfield>
    <subfield code="d">DLC</subfield>
  </datafield>
  <datafield tag="100" ind1="1" ind2="0">
    <subfield code="a">Abrahams, R. G.</subfield>
  </datafield>
  <datafield tag="400" ind1="1" ind2="0">
    <subfield code="a">Abrahams, Raphael Garvin</subfield>
  </datafield>
  <datafield tag="400" ind1="1" ind2="0">
    <subfield code="a">Abrahams, Ray</subfield>
  </datafield>
  <datafield tag="670" ind1=" " ind2=" ">
    <subfield code="a">His The peoples of greater Unyamwezi, Tanzania ... 1967.</subfield>
  </datafield>
  <datafield tag="670" ind1=" " ind2=" ">
    <subfield code="a">His The Nyamwezi today, 1981:</subfield>
    <subfield code="b">t.p. (R.G. Abrahams) Brit. CIP (Abrahams, Raphael Garvin; Abrahams, Ray)</subfield>
  </datafield>
  <datafield tag="670" ind1=" " ind2=" ">
    <subfield code="a">Witchcraft in contemporary Tanzania, 1994:</subfield>
    <subfield code="b">t.p. (Ray Abrahams, Dept. of Social Anthropology, Univ. of Cambridge)</subfield>
  </datafield>
  <datafield tag="670" ind1=" " ind2=" ">
    <subfield code="a">After socialism, 1996:</subfield>
    <subfield code="b">CIP t.p. (Ray Abrahams) p. 217 (Ray Abrahams is a university lecturer in Social Anthropology and a fellow of Churchill College, Cambridge; researcher in Tanzania, Uganda, Finland, and Estonia)</subfield>
  </datafield>
  <datafield tag="670" ind1=" " ind2=" ">
    <subfield code="a">Fax from publisher, 01-16-96</subfield>
    <subfield code="b">(b. 6/17/34)</subfield>
  </datafield>
</record>